@book{kent1999,
title = "Extreme Programming Explained",
author = "Kent Beck",
publisher = "Addison-Wesley Professional",
year = "1999"
}
@book{humble2010,
title = "Continuous Delivery: Reliable Software Releases through Build, Test, and Deployment Automation, Video Enhanced Edition",
author = "David Farley, Jez Humble",
publisher = "Addison-Wesley Professional",
year = "2010"
}
@online{fowler2006,
    author = "Martin Fowler",
	title = "Continuous Integration",
	url = "https://www.martinfowler.com/articles/continuousIntegration.html",
	urldate = "20.04.2018",
	year = 2006
}